@misc{
nyc_open_data,
title={NYC open data},
year={2023},
url={https://opendata.cityofnewyork.us/data/},
journal={NYC Open Data WP Engine},
author={City of New York, NYC Open Data}
}

@misc{
kaggle_datasets,
title={Find open datasets and Machine Learning Projects},
year={2023},
url={https://www.kaggle.com/datasets},
journal={Kaggle}}

 @misc{
 wikipedia_2022, 
 title={Sigmoid function}, 
 url={https://en.wikipedia.org/wiki/Sigmoid_function}, 
 journal={Wikipedia}, 
 publisher={Wikimedia Foundation}, 
 year={2022}, 
 month={Nov}} 